@article{tdg,
  title={Temporal Difference Learning and TD-Gammon},
  author={Gerald Tesauro},
  journal={Communications of the ACM},
  volume={38},
  number={3},
  year={1995},
  publisher={ACM}
}
@article{alpha,
  title={Mastering the game of Go with deep neural networks and tree search},
  author={David Silver, Aja Huang, Chris J. Maddison, Arthur Guez, Laurent Sifre, George van den Driessche,
Julian Schrittwieser, Ioannis Antonoglou, Veda Panneershelvam, Marc Lanctot, Sander Dieleman, Dominik Grewe, John Nham, Nal Kalchbrenner, Ilya Sutskever, Timothy Lillicrap, Madeleine Leach, Koray Kavukcuoglu,
Thore Graepel \& Demis Hassabis},
  journal={Nature},
  year={2016}
}
@article{expert,
  title={Self-Play and Using an Expert to Learn to Play Backgammon with Temporal Difference Learning},
  author={Marco A. Wiering},
  journal={J. Intelligent Learning Systems \& Application},
  volume={2},
  pages={57--68},
  year={2010},
  publisher={Online}
}
@article{genetic,
  title={Why did TD-Gammon Work?},
  author={Jordan B. Pollack \& Alan D. Blair},
  journal=Proceedings of the 9th International Conference on Neural Information Processing Systems},
  pages={10--16},
  year={1996},
  publisher={MIT Press}
}